@inproceedings{aho1979universality,
  title={Universality of data retrieval languages},
  author={Aho, Alfred V and Ullman, Jeffrey D},
  booktitle={Proceedings of the 6th ACM SIGACT-SIGPLAN symposium on Principles of programming languages},
  pages={110--119},
  year={1979},
  organization={ACM}
}
@article{valiant1984theory,
  title={A theory of the learnable},
  author={Valiant, Leslie G},
  journal={Communications of the ACM},
  volume={27},
  number={11},
  pages={1134--1142},
  year={1984},
  publisher={ACM}
}

@book{cormen2009introduction,
  title={Introduction to algorithms},
  author={Cormen, Thomas H and Leiserson, Charles E and Rivest, Ronald L and Stein, Clifford},
  year={2009},
  publisher={MIT press}
}

